<?xml version="1.0" encoding="UTF-8"?><collection xmlns="http://www.loc.gov/MARC21/slim"><record><leader>00458nam--2200145-i-4500</leader><controlfield tag="001">000040652</controlfield><controlfield tag="002">20161230</controlfield><controlfield tag="005">20161230201042</controlfield><controlfield tag="008">060222s1000------------r-----000-0-eng-d</controlfield><datafield ind1=" " ind2=" " tag="100"><subfield code="a">Schauten,J.A</subfield></datafield><datafield ind1=" " ind2=" " tag="245"><subfield code="a">Ricci-calculus. an introduction to tensor analysis and its geometrical applications</subfield></datafield><datafield ind1=" " ind2=" " tag="260"><subfield code="a">Berlin, Springer-verlag, 1954. Xx+516 P</subfield></datafield><datafield ind1=" " ind2=" " tag="490"><subfield code="a">Die Grundlehren Der Math. Wiss</subfield><subfield code="v">vol. x</subfield></datafield><datafield ind1=" " ind2=" " tag="852"><subfield code="a">10510</subfield><subfield code="c">512.972</subfield></datafield><datafield ind1=" " ind2=" " tag="CAT"><subfield code="a">Sys</subfield><subfield code="c">20080522</subfield><subfield code="h">145717</subfield></datafield></record></collection>